@article{kuhn2016sider,
  author={Kuhn, Michael and Letunic, Ivica and Jensen, Lars Juhl and Bork, Peer},
  title={The SIDER database of drugs and side effects},
  journal={Nucleic acids research},
  volume={44},
  number={D1},
  pages={D1075--D1079},
  year={2016},
  publisher={Oxford University Press}
}
@article{kuhn2010side,
  title={A side effect resource to capture phenotypic effects of drugs},
  author={Kuhn, Michael and Campillos, Monica and Letunic, Ivica and Jensen, Lars Juhl and Bork, Peer},
  journal={Molecular systems biology},
  volume={6},
  number={1},
  pages={343},
  year={2010},
  publisher={John Wiley \& Sons, Ltd Chichester, UK}
}
@article{davis2021comparative,
  title={Comparative toxicogenomics database (CTD): update 2021},
  author={Davis, Allan Peter and Grondin, Cynthia J and Johnson, Robin J and Sciaky, Daniela and Wiegers, Jolene and Wiegers, Thomas C and Mattingly, Carolyn J},
  journal={Nucleic acids research},
  volume={49},
  number={D1},
  pages={D1138--D1143},
  year={2021},
  publisher={Oxford University Press}
}
@article{wishart2018drugbank,
  title={DrugBank 5.0: a major update to the DrugBank database for 2018},
  author={Wishart, David S and Feunang, Yannick D and Guo, An C and Lo, Elvis J and Marcu, Ana and Grant, Jason R and Sajed, Tanvir and Johnson, Daniel and Li, Carin and Sayeeda, Zinat and others},
  journal={Nucleic acids research},
  volume={46},
  number={D1},
  pages={D1074--D1082},
  year={2018},
  publisher={Oxford University Press}
}
@article{wishart2008drugbank,
  title={DrugBank: a knowledgebase for drugs, drug actions and drug targets},
  author={Wishart, David S and Knox, Craig and Guo, An Chi and Cheng, Dean and Shrivastava, Savita and Tzur, Dan and Gautam, Bijaya and Hassanali, Murtaza},
  journal={Nucleic acids research},
  volume={36},
  number={suppl\_1},
  pages={D901--D906},
  year={2008},
  publisher={Oxford University Press}
}
@article{wishart2006drugbank,
  title={DrugBank: a comprehensive resource for in silico drug discovery and exploration},
  author={Wishart, David S and Knox, Craig and Guo, An Chi and Shrivastava, Savita and Hassanali, Murtaza and Stothard, Paul and Chang, Zhan and Woolsey, Jennifer},
  journal={Nucleic acids research},
  volume={34},
  number={suppl\_1},
  pages={D668--D672},
  year={2006},
  publisher={Oxford University Press}
}
@article{kim2021pubchem,
  title={PubChem in 2021: new data content and improved web interfaces},
  author={Kim, Sunghwan and Chen, Jie and Cheng, Tiejun and Gindulyte, Asta and He, Jia and He, Siqian and Li, Qingliang and Shoemaker, Benjamin A and Thiessen, Paul A and Yu, Bo and others},
  journal={Nucleic acids research},
  volume={49},
  number={D1},
  pages={D1388--D1395},
  year={2021},
  publisher={Oxford University Press}
}
@article{gilson2016bindingdb,
  title={BindingDB in 2015: a public database for medicinal chemistry, computational chemistry and systems pharmacology},
  author={Gilson, Michael K and Liu, Tiqing and Baitaluk, Michael and Nicola, George and Hwang, Linda and Chong, Jenny},
  journal={Nucleic acids research},
  volume={44},
  number={D1},
  pages={D1045--D1053},
  year={2016},
  publisher={Oxford University Press}
}
@article{uniprot2021uniprot,
  title={UniProt: the universal protein knowledgebase in 2021},
  journal={Nucleic Acids Research},
  volume={49},
  number={D1},
  pages={D480--D489},
  year={2021},
  publisher={Oxford University Press}
}
@article{davies2015chembl,
  title={ChEMBL web services: streamlining access to drug discovery data and utilities},
  author={Davies, Mark and Nowotka, Micha{\l} and Papadatos, George and Dedman, Nathan and Gaulton, Anna and Atkinson, Francis and Bellis, Louisa and Overington, John P},
  journal={Nucleic acids research},
  volume={43},
  number={W1},
  pages={W612--W620},
  year={2015},
  publisher={Oxford University Press}
}
@article{gaulton2017chembl,
  title={The ChEMBL database in 2017},
  author={Gaulton, Anna and Hersey, Anne and Nowotka, Micha{\l} and Bento, A Patricia and Chambers, Jon and Mendez, David and Mutowo, Prudence and Atkinson, Francis and Bellis, Louisa J and Cibri{\'a}n-Uhalte, Elena and others},
  journal={Nucleic acids research},
  volume={45},
  number={D1},
  pages={D945--D954},
  year={2017},
  publisher={Oxford University Press}
}
@article{szklarczyk2021string,
  title={The STRING database in 2021: customizable protein--protein networks, and functional characterization of user-uploaded gene/measurement sets},
  author={Szklarczyk, Damian and Gable, Annika L and Nastou, Katerina C and Lyon, David and Kirsch, Rebecca and Pyysalo, Sampo and Doncheva, Nadezhda T and Legeay, Marc and Fang, Tao and Bork, Peer and others},
  journal={Nucleic acids research},
  volume={49},
  number={D1},
  pages={D605--D612},
  year={2021},
  publisher={Oxford University Press}
}
@article{ozccelik2021chemboost,
  title={ChemBoost: A Chemical Language Based Approach for Protein--Ligand Binding Affinity Prediction},
  author={{\"O}z{\c{c}}elik, R{\i}za and {\"O}zt{\"u}rk, Hakime and {\"O}zg{\"u}r, Arzucan and Ozkirimli, Elif},
  journal={Molecular Informatics},
  volume={40},
  number={5},
  pages={2000212},
  year={2021},
  publisher={Wiley Online Library}
}
@article{he2017simboost,
  title={SimBoost: a read-across approach for predicting drug--target binding affinities using gradient boosting machines},
  author={He, Tong and Heidemeyer, Marten and Ban, Fuqiang and Cherkasov, Artem and Ester, Martin},
  journal={Journal of cheminformatics},
  volume={9},
  number={1},
  pages={1--14},
  year={2017},
  publisher={BioMed Central}
}
@article{ozturk2018deepdta,
  title={DeepDTA: deep drug--target binding affinity prediction},
  author={{\"O}zt{\"u}rk, Hakime and {\"O}zg{\"u}r, Arzucan and Ozkirimli, Elif},
  journal={Bioinformatics},
  volume={34},
  number={17},
  pages={i821--i829},
  year={2018},
  publisher={Oxford University Press}
}
@inproceedings{dong2017metapath2vec,
  title={metapath2vec: Scalable representation learning for heterogeneous networks},
  author={Dong, Yuxiao and Chawla, Nitesh V and Swami, Ananthram},
  booktitle={Proceedings of the 23rd ACM SIGKDD international conference on knowledge discovery and data mining},
  pages={135--144},
  year={2017}
}

@Article{ aran2006signlanguagetutoring,
	author = "O. Aran and I. Ari and A. Benoit and A.H. Carrillo and F.X. Fanard and P. Campr and L. Akarun and A. Caplier and M. Rombaut and B. Sankur",
	title = "Sign Language Tutoring Tool",
	journal = "Proceedings of eNTERFACE 2007, The Summer Workshop on Multimodal Interfaces",
	year = "2007",
	volume = "21",
	pdf = "aran2006signlanguagetutoring.pdf"
}

@Article{ aran2007databaseofnon-manual,
	author = "O. Aran and I. Ari and A. Guvensan and H. Haberdar and Z. Kurt and I. Turkmen and A. Uyar and L. Akarun",
	title = "A Database of Non-Manual Signs in Turkish Sign Language",
	journal = "Signal Processing and Communications Applications, 2007. SIU 2007. IEEE 15th",
	year = "2007",
	pages = "1--4",
	pdf = "aran2007databaseofnon-manual.pdf"
}

@Article{ ari2008facialfeaturetracking,
	author = "I. Ari and A. Uyar and L. Akarun",
	title = "Facial Feature Tracking and Expression Recognition for Sign Language",
	journal = "International Symposium on Computer and Information Sciences",
	year = "2008, submitted",
	owner = "ismail",
	timestamp = "12.07.2008"
}

@Book{ doebelin,
	author = "Ernest O. Doebelin",
	title = "Control System Principles and Design",
	year = "1985",
	isbn = "0471088153",
	publisher = "John Wiley \& Sons, Inc.",
	address = "New York, NY, USA"
}

@Book{ liudissertation,
	author = "W.K. Liu",
	title = "Development of Finite Element Procedures for Fluid-Structure Interaction",
	publisher = "Ph.D. Thesis",
	address = "California Institute of Technology",
	year = "1981"
}

@Article{ Sekhon:1999,
	author = "Jasjeet Singh Sekhon",
	title = "The Economic Sophistication of American Politics:American Public Opinion and Monetary Policy, 1973-1993",
	year = 1999,
	journal = "Dissertation",
	volume = 999,
	pages = "999",
	keywords = "elections, economy, opinion",
	projects = "ecrefgrp",
	have = "haveyes",
	read = ""
}

@Comment{AOIS-caching-02,   author = {P{\i}nar Yolum and Munindar P. Singh},   title = {Flexible Caching in Peer-to-Peer Information Systems},   booktitle = {Proceedings of the Fourth International Bi-Conference Workshop on Agent-Oriented Information Systems (AOIS)},   pages = {72--83},   year = 2002,  bib2html\_dl\_pdf  = "http://www.cmpe.boun.edu.tr/~pyolum/papers/yolum-singh-aois-2002.pdf",    bib2html\_rescat = {Self-Organization}, }

@Article{ paper-IAT-2006-labels,
	author = "Mark Hoogendoorn and Jan Treur and Pinar Yolum",
	title = "A Labeled Graph Approach to Analyze Organizational Performance",
	journal = "Proceedings of the 2006 IEEE/WIC/ACM International Conference on Intelligent Agent Technology",
	address = "IEEE Computer Society Press",
	year = 2006,
	bib2html_rescat = "Organizations"
}

@Manual{ exoplanetwebsite,
	title = "The Extrasolar Planets Encyclopaedia",
	author = "Jean Schneider",
	year = 2010,
	url = "http://exoplanet.eu/catalog.php",
	note = "{May 2011}"
}

